@book{koller2009probabilistic,
  title={Probabilistic graphical models: principles and techniques},
  author={Koller, Daphne and Friedman, Nir},
  year={2009},
  publisher={MIT press}
}

@misc{andresopengm,
  title={OpenGM 2.0 Manual},
  author={Andres, Bjoern and Beier, Thorsten and Kappes, J{\"o}rg H},
  howpublished={\url{http://www.andres.sc/publications/opengm-2.0.2-beta-manual.pdf}},
  note = {Accessed: 2015-01-25}
}

@article{andres2012opengm,
  title={OpenGM: A C++ library for discrete graphical models},
  author={Andres, Bjoern and Beier, Thorsten and Kappes, J{\"o}rg H},
  journal={arXiv preprint arXiv:1206.0111},
  year={2012}
}
